% This file was created with JabRef 2.10b2.
% Encoding: UTF-8


@Article{albar2013investigation,
  Title                    = {An Investigation of Fast and Frugal Heuristics for New Product Project Selection},
  Author                   = {Albar, Fatima Mohammed},
  Year                     = {2013}
}

@article{jang2002neuro,
  title={Neuro-fuzzy and soft computing: a computational approach to learning and machine intelligence},
  author={Jang, Jyh-Shing Roger and Sun, Chuen-Tsai and Mizutani, Eiji},
  year={2002},
  publisher={Prentice Hall}
}

@article{zeleny1994search,
  title={In search of cognitive equilibrium: beauty, quality and harmony},
  author={Zeleny, Milan},
  journal={Journal of Multi-Criteria Decision Analysis},
  volume={3},
  number={1},
  pages={3--13},
  year={1994},
  publisher={Wiley Online Library}
}
@incollection{simon1977causal,
  title={Causal ordering and identifiability},
  author={Simon, Herbert A},
  booktitle={Models of Discovery},
  pages={53--80},
  year={1977},
  publisher={Springer}
}
@article{jahanshahloo2006algorithmic,
  title={An algorithmic method to extend TOPSIS for decision-making problems with interval data},
  author={Jahanshahloo, Gholam Reza and Lotfi, F Hosseinzadeh and Izadikhah, Mohammad},
  journal={Applied mathematics and computation},
  volume={175},
  number={2},
  pages={1375--1384},
  year={2006},
  publisher={Elsevier}
}

@article{jiang2015software,
  title={Software for Wearable Devices: Challenges and Opportunities},
  author={Jiang, He and Chen, Xin and Zhang, Shuwei and Zhang, Xin and Kong, Weiqiang and Zhang, Tao},
  journal={arXiv preprint arXiv:1504.00747},
  year={2015}
}

@article{garcia2012rank,
  title={On rank reversal and TOPSIS method},
  author={Garc{\'\i}a-Cascales, M Socorro and Lamata, M Teresa},
  journal={Mathematical and Computer Modelling},
  volume={56},
  number={5},
  pages={123--132},
  year={2012},
  publisher={Elsevier}
}

@article{hwang1981lecture,
  title={Lecture notes in economics and mathematical systems},
  author={Hwang, Ching-Lai and Yoon, K},
  journal={Multiple Objective Decision Making, Methods and Applications: A State-of-the-Art Survey},
  volume={164},
  year={1981}
}

@article{lai1994topsis,
  title={Topsis for MODM},
  author={Lai, Young-Jou and Liu, Ting-Yun and Hwang, Ching-Lai},
  journal={European Journal of Operational Research},
  volume={76},
  number={3},
  pages={486--500},
  year={1994},
  publisher={Elsevier}
}
@incollection{bouchon2008similarities,
  title={Similarities in fuzzy data mining: from a cognitive view to real-world applications},
  author={Bouchon-Meunier, Bernadette and Rifqi, Maria and Lesot, Marie-Jeanne},
  booktitle={Computational Intelligence: Research Frontiers},
  pages={349--367},
  year={2008},
  publisher={Springer}
}

@Article{bergvall2013future,
  Title                    = {‘The future’s bright, the future’s mobile’: a study of Apple and Google mobile application developers},
  Author                   = {Bergvall-K{\aa}reborn, Birgitta and Howcroft, Debra},
  Journal                  = {Work, Employment \& Society},
  Year                     = {2013},
  Pages                    = {0950017012474709},

  Publisher                = {SAGE Publications}
}
@article{albar2013investigation,
  title={An Investigation of Fast and Frugal Heuristics for New Product Project Selection},
  author={Albar, Fatima Mohammed},
  year={2013}
}
@book{hwang2012multiple,
  title={Multiple attribute decision making: methods and applications a state-of-the-art survey},
  author={Hwang, Ching-Lai and Yoon, Kwangsun},
  volume={186},
  year={2012},
  publisher={Springer Science \& Business Media}
}
@article{lin2004fuzzy,
  title={A fuzzy-logic-based approach for new product Go/NoGo decision at the front end},
  author={Lin, Ching-Torng and Chen, Chen-Tung},
  journal={Systems, Man and Cybernetics, Part A: Systems and Humans, IEEE Transactions on},
  volume={34},
  number={1},
  pages={132--142},
  year={2004},
  publisher={IEEE}
}
@article{jang1997neuro,
  title={Neuro-fuzzy and soft computing: a computational approach to learning and machine intelligence},
  author={Jang, Jyh-Shing Roger and Sun, Chuen-Tsai and Mizutani, Eiji},
  year={1997},
  publisher={prentice hall}
}
@article{bell1988descriptive,
  title={Descriptive, normative, and prescriptive interactions in decision making},
  author={Bell, David E and Raiffa, Howard and Tversky, Amos},
  journal={Decision making: Descriptive, normative, and prescriptive interactions},
  volume={1},
  pages={9--32},
  year={1988}
}
@article{hernandez2010metodologia,
  title={Metodología de la investigación},
  author={Hernández Sampieri, Roberto and Fernández Collado, Carlos and Baptista Lucio, Pilar},
  journal={M{\'e}xico: Editorial Mc Graw Hill},
  year={2010}
}
@inproceedings{peffers2006design,
  title={The design science research process: a model for producing and presenting information systems research},
  author={Peffers, Ken and Tuunanen, Tuure and Gengler, Charles E and Rossi, Matti and Hui, Wendy and Virtanen, Ville and Bragge, Johanna},
  booktitle={Proceedings of the first international conference on design science research in information systems and technology (DESRIST 2006)},
  pages={83--106},
  year={2006}
}
@Other{UNEXPOmanual2004,
	title		= "Normas para la Elaboración y Presentación del Trabajo de Grado y Tesis Doctoral. ",
	author		= "UNEXPO",
	year		    = "2004",
	%note		= "",
 	note      	= {Consultado 21/03/2016},
	 Url        = {http://www.dip.bqto.unexpo.edu.ve/pdfs/normas_trabajo_de_grado_enproceso.pdf},
}

@Other{UCLAmanual2002,
	title		= "Manual para la Elaboración del Trabajo Conducente a Grado Académico de Especialización, Maestría y Doctorado ",
	author		= "UCLA",
	year		    = "2002",
	%note		= "",
 	note      	= {Consultado 21/03/2016}
}

@inproceedings{gonzalez2007configuracion,
  title={Configuración de las Ciencias de Diseño como Ciencias de lo Artificial: Papel de la Inteligencia Artificial y de la racionalidad limitada},
  author={González, Wenceslao J},
  booktitle={Las ciencias de diseño: Racionalidad limitada, predicción y prescripción},
  pages={41--69},
  year={2007},
  organization={Netbiblo}
}
@misc{hurtado2012metodologia,
  title={Metodología de la investigación: guía para una comprensión holística de la ciencia},
  author={Hurtado de Barrera, J},
  year={2012},
  publisher={Cuarta Edición. Ediciones Quirón, Venezuela}
}
@article{lacerda2013design,
  title={Design science research: A research method to production engineering},
  author={Lacerda, Daniel Pacheco and Dresch, Aline and Proen{\c{c}}a, Adriano and J{\'u}nior, Antunes and Valle, Jos{\'e} Antonio},
  journal={Gest{\~a}o \& Produ{\c{c}}{\~a}o},
  volume={20},
  number={4},
  pages={741--761},
  year={2013},
  publisher={SciELO Brasil}
}
@book{dresch2014design,
  title={Design Science Research: A Method for Science and Technology Advancement},
  author={Dresch, Aline and Lacerda, Daniel Pacheco and Antunes Jr, Jos{\'e} Ant{\^o}nio Valle},
  year={2014},
  publisher={Springer}
}
@book{vaishnavi2015design,
  title={Design science research methods and patterns: innovating information and communication technology},
  author={Vaishnavi, Vijay K and Kuechler, William},
  year={2015},
  publisher={Crc Press}
}
@book{kleindorfer1993decision,
  title={Decision sciences: an integrative perspective},
  author={Kleindorfer, Paul R and Kunreuther, Howard and Schoemaker, Paul JH},
  year={1993},
  publisher={Cambridge University Press}
}
@book{simon1996sciences,
  title={The sciences of the artificial},
  author={Simon, Herbert A},
  year={1996},
  publisher={MIT press}
}
@book{cordoba2005investigacion,
  title={La investigación tecnolígica: investigar, idear e innovar en ingenierías y ciencias sociales},
  author={Córdoba, García and García-Córdoba, FernandoFernando},
  year={2005},
  publisher={Limusa Noriega Editores,}
}

@book{cuello2013disenando,
  title={Dise{\~n}ando apps para m{\'o}viles},
  author={Cuello, Javier and Vittone, Jos{\'e}},
  year={2013},
  publisher={Jos{\'e} Vittone—Javier Cuello}
}
@book{santiago2015mobile,
  title={Mobile Learning: Nuevas realidades en el aula},
  author={Santiago, Ra{\'u}l and Trabaldo, Susana and Kamijo, Mercedes and Fern{\'a}ndez, {\'A}lvaro},
  year={2015},
  publisher={Editorial Oceano}
}
@article{yen1999fuzzy,
  title={Fuzzy logic-a modern perspective},
  author={Yen, John},
  journal={Knowledge and Data Engineering, IEEE Transactions on},
  volume={11},
  number={1},
  pages={153--165},
  year={1999},
  publisher={IEEE}
}

@article{saaty1980analytic,
  title={The analytic hierarchy process: planning, priority setting, resources allocation},
  author={Saaty, Thomas L},
  journal={New York: McGraw},
  year={1980}
}

@book{trillas1992aplicaciones,
  title={Aplicaciones en la Lógica Borrosa},
  author={Enric Trillas and Julio Ríos Gutiérrez},
  volume={20},
  year={1992},
  publisher={Editorial CSIC-CSIC Press}
}

@book{negnevitsky2005artificial,
  title={Artificial intelligence: a guide to intelligent systems},
  author={Negnevitsky, Michael},
  year={2005},
  publisher={Pearson Education}
}

@book{pal2004foundations,
  title={Foundations of soft case-based reasoning},
  author={Pal, Sankar K and Shiu, Simon CK},
  volume={8},
  year={2004},
  publisher={John Wiley \& Sons}
}
@book{neumann1947theory,
  title={Theory of games and economic behavior},
  author={Neumann, Ludwig Johann and Morgenstern, Oskar},
  volume={60},
  year={1947},
  publisher={Princeton university press Princeton}
}
@book{bernoulli1783sammlung,
  title={Sammlung furzer Reifebefchreibungen},
  author={Bernoulli, Johann},
  year={1783}
}
@misc{keeney1976decision,
  title={Decision with multiple objectives},
  author={Keeney, Ralph L and Raiffa, Howard},
  year={1976},
  publisher={Wiley, New York}
}
@book{chen1992fuzzy,
  title={Fuzzy multiple attribute decision making methods},
  author={Chen, Shu-Jen and Hwang, Ching-Lai},
  year={1992},
  publisher={Springer}
}

@article{saaty1977scaling,
  title={A scaling method for priorities in hierarchical structures},
  author={Saaty, Thomas L},
  journal={Journal of mathematical psychology},
  volume={15},
  number={3},
  pages={234--281},
  year={1977},
  publisher={Elsevier}
}
@article{dubois1980systems,
  title={Systems of linear fuzzy constraints},
  author={Dubois, Didier and Prade, Henri},
  journal={Fuzzy Sets and Systems},
  volume={3},
  number={1},
  pages={37--48},
  year={1980},
  publisher={Elsevier}
}
@article{zadeh2008there,
  title={Is there a need for fuzzy logic?},
  author={Zadeh, Lotfi A},
  journal={Information sciences},
  volume={178},
  number={13},
  pages={2751--2779},
  year={2008},
  publisher={Elsevier}
}
@article{zadeh1965fuzzy,
  title={Fuzzy sets},
  author={Zadeh, Lotfi A},
  journal={Information and control},
  volume={8},
  number={3},
  pages={338--353},
  year={1965},
  publisher={Elsevier}
}
@article{zadeh1971similarity,
  title={Similarity relations and fuzzy orderings},
  author={Zadeh, Lotfi A},
  journal={Information sciences},
  volume={3},
  number={2},
  pages={177--200},
  year={1971},
  publisher={Elsevier}
}
@article{zadeh1975concept,
  title={The concept of a linguistic variable and its application to approximate reasoning—I},
  author={Zadeh, Lotfi A},
  journal={Information sciences},
  volume={8},
  number={3},
  pages={199--249},
  year={1975},
  publisher={Elsevier}
}
@mastersthesis{Lameda2003fuzzy,
  title={Modelado con lógica difusa de un sistema para pruebas neumáticas de hermeticidad},
  author={Lameda, Carlos},
  school={Universidad Centroccidental Lisandro Alvarado},
  year={2003}
}

@article{saeida2015fuzzy,
  title={A fuzzy approach to service quality diagnosis},
  author={Saeida Ardakani, Saeid and Nejatian, Majid and Farhangnejad, Mohammad Ali and Nejati, Mehran},
  journal={Marketing Intelligence \& Planning},
  volume={33},
  number={1},
  pages={103--119},
  year={2015},
  publisher={Emerald Group Publishing Limited}
}

@article{mousavi2013hierarchical,
  title={A hierarchical group decision-making approach for new product selection in a fuzzy environment},
  author={Mousavi, S Meysam and Torabi, S Ali and Tavakkoli-Moghaddam, Reza},
  journal={Arabian Journal for Science and Engineering},
  volume={38},
  number={11},
  pages={3233--3248},
  year={2013},
  publisher={Springer}
}

@article{Gupta2015fuzzyAhpTopsis,
  title={Comparison of fuzzy AHP and TOPSIS evaluations of luggage bag design alternatives},
  author={Shivang Gupta and Shaurabh Kumar Singh and Kunal Agrawal and Dega Nagaraju },
  journal={ARPN Journal of Engineering and Applied Sciences},
  volume={10},
  number={14},
  pages={3233--3248},
  year={2015},
  publisher={Asian Research Publishing Network (ARPN)}
}

@article{yager2014multicriteria,
  title={Multicriteria decision-making with imprecise importance weights},
  author={Yager, Ronald R and Alajlan, Naif},
  journal={Fuzzy Systems, IEEE Transactions on},
  volume={22},
  number={4},
  pages={882--891},
  year={2014},
  publisher={IEEE}
}

@article{bhattacharyya2011fuzzyRD,
  title={Fuzzy R\&D portfolio selection of interdependent projects},
  author={Bhattacharyya, Rupak and Kumar, Pankaj and Kar, Samarjit},
  journal={Computers \& Mathematics with Applications},
  volume={62},
  number={10},
  pages={3857--3870},
  year={2011},
  publisher={Elsevier}
}

@article{huang2008fuzzy,
  title={A fuzzy AHP application in government-sponsored R\&D project selection},
  author={Huang, Chi-Cheng and Chu, Pin-Yu and Chiang, Yu-Hsiu},
  journal={Omega},
  volume={36},
  number={6},
  pages={1038--1052},
  year={2008},
  publisher={Elsevier}
}

@article{yue2011extended,
  title={An extended TOPSIS for determining weights of decision makers with interval numbers},
  author={Yue, Zhongliang},
  journal={Knowledge-Based Systems},
  volume={24},
  number={1},
  pages={146--153},
  year={2011},
  publisher={Elsevier}
}

@article{bashon2013framework,
  title={A framework for comparing heterogeneous objects: on the similarity measurements for fuzzy, numerical and categorical attributes},
  author={Bashon, Yasmina and Neagu, Daniel and Ridley, Mick J},
  journal={Soft Computing},
  volume={17},
  number={9},
  pages={1595--1615},
  year={2013},
  publisher={Springer}
}

@techreport{maccrimmon1968decisionmaking,
  title={Decisionmaking among multiple-attribute alternatives: a survey and consolidated approach},
  author={MacCrimmon, Kenneth R},
  year={1968},
  institution={DTIC Document}
}

@inproceedings{tom2015fuzzy,
  title={A fuzzy multicriteria decision making model for restaurant menu ranking},
  author={Tom, Mary and Wibowo, Santoso and Grandhi, Srimannarayana},
  booktitle={Cybernetics and Intelligent Systems (CIS) and IEEE Conference on Robotics, Automation and Mechatronics (RAM), 2015 IEEE 7th International Conference on},
  pages={104--108},
  year={2015},
  organization={IEEE}
}

@inproceedings{jailani2015usability,
  Title                    = {Usability guidelines for developing mobile application in the construction industry},
  Author                   = {Jailani, Norleyza and Abdullah, Zuraidah and Bakar, Marini Abu and Haron, Harni Rohaida},
  Booktitle                = {Electrical Engineering and Informatics (ICEEI), 2015 International Conference on},
  Year                     = {2015},
  Organization             = {IEEE},
  Pages                    = {411--416}
}

@Book{schilling2008direccion,
  Title                    = {Direcci{\'o}n estrat{\'e}gica de la innovaci{\'o}n tecnol{\'o}gica},
  Author                   = {Schilling, Melissa A and Mart{\'\i}nez, Francisco Javier Forcadell},
  Publisher                = {McGraw-Hill},
  Year                     = {2008}
}

@Other{VisionMobile2014,
  Title                    = {Developer Economics Q1.},
  Author                   = {Vision Mobile, Ltd},
  note                     = {Consultado 12/02/2016},
  Url                      = {https://www.developereconomics.com/reports/q1-2014/},
  Year                     = {2014}
}

@Other{Dutt2012experience,
  Title                    = {Strategic mobile user experience},
  Author                   = {Sushmita Dutt},
  note                     = {Consultado 03/03/2016},
  Url                      = {http://www.slideshare.net/sushmita_dutt/strategic-mobile-user-experience-15612124},
  Year                     = {2012}
  Organization             = {Consultant, Technology User Experience at Novel-eBiz},
}

@Other{Narayan2014Mobile,
  Title                    = {An Analysis of Mobile Application Development Approaches},
  Author                   = {Umesh Narayan},
  note                     = {Consultado 10/03/2016},
  Url                      = {http://www.happiestminds.com/whitepapers/an-analysis-of-mobile-application-development-approaches.pdf},
  Year                     = {2014}
  Organization             = { Happiest Minds Technologies},
}

@InProceedings{wasserman2010software,
  Title                    = {Software engineering issues for mobile application development},
  Author                   = {Wasserman, Anthony I},
  Booktitle                = {Proceedings of the FSE/SDP workshop on Future of software engineering research},
  Year                     = {2010},
  Organization             = {ACM},
  Pages                    = {397--400}
}


